@misc{ultabeauty2021,
    author = {{SAS Institute Inc.}},
    title = {Ulta Beauty - Customer Story},
    year = {2021},
    howpublished = {\url{https://www.sas.com/en_us/customers/ulta-beauty.html}},
    note = {Accessed: 2023-11-24}
}
